
@inproceedings{abstract-contracts-14,
  author    = {Richard Bubel and
               Reiner H{\"{a}}hnle and
               Maria Pelevina},
  title     = {Fully Abstract Operation Contracts},
  booktitle = {Leveraging Applications of Formal Methods, Verification and 
               Validation.
               Specialized Techniques and Applications - 
               6th International Symposium,
               ISoLA 2014, Imperial, Corfu, Greece, October 8-11, 2014, 
               Proceedings, Part {II}},
  pages     = {120--134},
  year      = {2014},
  editor    = {Tiziana Margaria and
               Bernhard Steffen},
  series    = {LNCS},
  volume    = {8803},
  publisher = {Springer}
}

@inproceedings{interactive-IDE-14,
  author    = {Martin Hentschel and
               Stefan K{\"{a}}sdorf and
               Reiner H{\"{a}}hnle and
               Richard Bubel},
  title     = {An Interactive Verification Tool Meets an {IDE}},
  booktitle = {Integrated Formal Methods - 11th International Conference, 
              {IFM} 2014,
               Bertinoro, Italy, September 9-11, 2014, Proceedings},
  pages     = {55--70},
  year      = {2014},
  editor    = {Elvira Albert and
               Emil Sekerinski},
  series    = {LNCS},
  volume    = {8739},
  publisher = {Springer},
}
 
@incollection{george-raise-2008,
  year={2008},
  booktitle={Logics of Specification Languages},
  series={Monographs in Theoretical Computer Science},
  editor={Bj{\o}rner, Dines and Henson, MartinC.},
  title={The Logic of the {RAISE} Specification Language},
  publisher={Springer Berlin Heidelberg},
  author={George, Chris and Haxthausen, AnneE.},
  pages={349-399}
}

@article{allen-logic-84,
  author = {James F. Allen},
  title = {Towards a general theory of action and time},
  journal = {Artificial Intelligence},
  year = 1984,
  volume = 23,
  pages = {123-154}
}

@misc{theklanguage,
  author = {{K}},
  howpublished = "\url{http://www.theklanguage.com}"
}

@misc{antlr,
  author = {{ANTLR}},
  howpublished = "\url{http://www.antlr.org}"
}

@misc{europa-clipper,
  author = {{Europa Clipper Mission}},
  howpublished = "\url{http://www.jpl.nasa.gov/missions/europa-mission}"
}

@misc{sysml,
  author = {{SysML}},
  howpublished = "\url{http://www.omgsysml.org}"
}

@misc{uml,
  author = {{UML}},
  howpublished = "\url{http://www.uml.org}"
}

@misc{isabelle-website,
  author = {{Isabelle}},
  howpublished = "\url{https://isabelle.in.tum.de}"
}

@misc{coq-website,
  author = {{Coq}},
  howpublished = "\url{https://coq.inria.fr}"
}

@misc{pvs-website,
  author = {{PVS}},
  howpublished = "\url{http://pvs.csl.sri.com}"
}

@inproceedings{cade92-pvs,
    AUTHOR = {{S.} Owre and {J.} {M.} Rushby and {N.} Shankar},
    TITLE = {{PVS:} {A} Prototype Verification System},
    BOOKTITLE = {11th International Conference on Automated Deduction (CADE)},
    YEAR = {1992},
    EDITOR = {Deepak Kapur},
    SERIES = {LNAI},
    VOLUME = {607},
    PAGES = {748--752},
    ADDRESS = {Saratoga, {NY}},
    MONTH = {jun},
    PUBLISHER = {Springer-Verlag}
}

@inproceedings{filliatre-why3-2011,
  author = {Fran\c{c}ois Bobot and Jean-Christophe Filli\^atre and
    Claude March\'e and Andrei Paskevich},
  title = {Why3: Shepherd Your Herd of Provers},
  booktitle = {Boogie 2011: First International Workshop on Intermediate Verification Languages},
  year = 2011,
  address = {Wroc\l{}aw, Poland},
  month = {August},
  pages = {53--64}
}

@inproceedings{leino-lpar-2010,
  author    = {Rustan Leino},
  title     = {Dafny: An Automatic Program Verifier},
  booktitle = {16th International Conference on Logic for Programming, Artificial 
      Intelligence, and Reasoning, LPAR 2010, 
      Dakar, Senegal, April 25–May 1},
  editor    = {Edmund M. Clarke and Andrei Voronkov},
  publisher = {Springer},
  series    = {LNCS},
  volume    = {6355},
  year      = {2010}
}

@inproceedings{havelund-isola-2014,
  author    = {Klaus Havelund},
  title     = {Mastering Change @ Runtime},
  booktitle = {6th International Symposium On Leveraging Applications of 
    Formal Methods, Verification and Validation, ISoLA 2014,
    Corfu, Greece, October 8-11},
  editor    = {T. Margaria and B. Steffen},
  publisher = {Springer},
  series    = {LNCS},
  volume    = {8803},
  year      = {2014}
}

@inproceedings{steffen-isola-2014,
  author    = {Bernhard Steffen},
  title     = {{LNCS} Transactions on Foundations for Mastering Change: Preliminary Manifesto},
  booktitle = {6th International Symposium On Leveraging Applications of 
    Formal Methods, Verification and Validation, ISoLA 2014,
    Corfu, Greece, October 8-11},
  editor    = {T. Margaria and B. Steffen},
  publisher = {Springer},
  series    = {LNCS},
  volume    = {8803},
  year      = {2014}
}

@book{back-wright-refinement-98,
 author = {Ralph-Johan Back and Joakim von Wright},
 title = {Refinement Calculus: A Systematic Introduction},
 year = {1998},
 publisher = {Graduate Texts in Computer Science. Springer Verlag}
}

@article{wirth-refinement-71,
  author = {Niklaus Wirth},
  title = {Program development by stepwise refinement},
  journal = {CACM: Communications of the ACM},
  year = 1971,
  volume = 14
}

@book{woodcock-sanders-z-96,
 author = {Jim Woodcock and Jim Davies},
 title = {Using Z. Specification, Refinement, and Proof},
 year = {1996},
 publisher = {Prentice-Hall}
}

@inproceedings{hoare-sanders-refinement-86,
  author = {J. He and C.A.R. Hoare and J.W. Sanders},
  title = {Data refinement refined},
  booktitle = {European Symposium on Programming},
  publisher = {Springer},
  series    = {LNCS},
  volume    = {213},  
  year      = {1986}
}

@book{abrial-eventb-10,
 author = {Jean-Raymond Abrial},
 title = {Modeling in {Event-B}},
 year = {2010},
 publisher = {Cambridge University Press}
}

@book{morgan-refinement-94,
 author = {Carroll Morgan},
 title = {Programming from Specifications},
 year = {1994},
 note = {2nd ed.},
 publisher = {Prentice Hall}
} 

@book{jackson-alloy-12,
 author = {Jackson, Daniel},
 title = {Software Abstractions: Logic, Language, and Analysis},
 year = {2012},
 publisher = {The MIT Press},
} 

@book{booch-uml-99,
  editor = {Grady Booch and Ivar Jacobson and Jim Rumbaughr},
  title = {The {Unified Modeling Language} User Guide},
  year = {1999},
  publisher = {Addison-Wesley}
}

@book{standard-ml-97,
  editor = {Robin Milner and Mads Tofte and Robert Harper},
  title = {The Definition of Standard {ML}},
  year = {1997},
  publisher = {MIT Press},
  note = {ISBN 0-262-63181-4}
}

@ARTICLE{havelund-jpf-00,
    AUTHOR = {Klaus Havelund and  Tom Pressburger},
    TITLE = {Model Checking {Java} Programs Using {Java PathFinder}},
    JOURNAL = "International Journal on Software Tools for Technology Transfer, STTT",
    YEAR = 2000,
    MONTH = "April",
    VOLUME = 2,
    Number = 4,
}

@article{sannella-eml-97,
  author = {Stefan Kahrs and Donald Sannella and Andrzej Tarlecki},
  title = {The Definition of {E}xtended {ML}: A Gentle Introduction},
  journal = {Theoretical Computer Science},
  volume = 173,
  pages = {445--484},
  year = 1997
}

@phdthesis{havelund-phd-94,
  author = {Klaus Havelund}, 
  title = {The {Fork Calculus} - Towards a Logic for {Concurrent ML}}, 
  school = {{DIKU}, Department of Computer Science, University of Copenhagen, Denmark},
  year = {1994}
}

@InCollection{havelund-losl-08,
  author     = 	 {Klaus Havelund},
  title      = 	 {{RAISE} in Perspective},
  booktitle  = 	 {Logics of Specification Languages},
  pages      =	 {611--614},
  publisher  =	 {Springer},
  year       =	 2008,
  editor     =	 {Dines Bj{\o}rner and Martin Henson}
}

@book{jones-shaw-90,
  editor = {Cliff B. Jones and Roger C. Shaw},
  title = {Case Studies in Systematic Software Development},
  year = {1990},
  publisher = {Prentice Hall International},
  note = {ISBN 0-13-880733-7}
}

@book{bjoerner-jones-82,
  author = {Dines Bj{\o}rner and Cliff B. Jones},
  title = {Formal Specification and Software Development},
  year = {1982},
  publisher = {Prentice Hall International},
  note = {ISBN 0-13-880733-7}
}

@book{jones90,
  author = {Cliff B. Jones},
  title = {Systematic Software Development using {VDM}},
  year = {1990},
  publisher = {Prentice Hall},
  note = {ISBN 0-13-880733-7}
}

@proceedings{vdm78,
  editor    = {Dines Bj{\o}rner and Cliff B. Jones},
  title     = {The Vienna Development Method: The Meta-Language},
  booktitle = {The Vienna Development Method: The Meta-  
                     Language},
  publisher = {Springer},
  series    = {LNCS},
  volume    = {61},
  year      = {1978}
}

@misc{vdm,
  author = {{VDM}},
  howpublished = "\url{http://en.wikipedia.org/wiki/Vienna\_Development\_Method}"
}

@misc{eiffel,
  author = {{Eiffel}},
  howpublished = "\url{http://www.eiffel.com}"
}

@misc{jml,
  author = {{JML}},
  howpublished = "\url{http://www.eecs.ucf.edu/~leavens/JML}"
}

@misc{specsharp,
  author = {{Spec\#}},
  howpublished = "\url{http://research.microsoft.com/en-us/projects/specsharp}"
}

@unpublished{vdmsl,
  author = {P.G. Larsen and B.S. Hansen and H. Brunn and N. Plat and H. Toetenel and 
                 D.J. Andrews and J. Dawes and G. Parkin and et al.},
  title = {Vienna Development Method Ð Specification Language Ð Part 1: Base Language},
  note = {Information Technology Ð Programming Languages,
  Their Environments and System Software Interfaces},
  year = {1996},
  month = {December}
}

@book{raise92,
  author = {Chris George and Peter Haff and Klaus Havelund and Anne Haxthausen and
                 Robert Milne and Claus Bendix Nielsen and Soeren Prehn and Kim Ritter Wagner},
  title = {The {RAISE} Specification Language},
  year = {1992},
  publisher = {The BCS Practitioner Series, Prentice-Hall},
  address = {Hemel Hampstead, England},
}

@book{vdmplusplus05,
 author = {John Fitzgerald and Peter Gorm Larsen and Paul  Mukherjee and Nico Plat and 
                 Marcel Verhoef},
 title = {Validated Designs For Object-oriented Systems},
 year = {2005},
 publisher = {Springer-Verlag TELOS},
 address = {Santa Clara, CA, USA},
} 

@misc{scala,
  author = {{Scala}},
  howpublished = "\url{http://www.scala-lang.org}"
}

@misc{haskell,
  author = {{Haskell}},
  howpublished = "\url{http://www.haskell.org/haskellwiki/Haskell}"
}

@misc{ocaml,
  author = {{OCaml}},
  howpublished = "\url{http://caml.inria.fr/ocaml/index.en.html}"
}

@misc{fortress,
  author = {{Fortress}},
  howpublished = "\url{http://java.net/projects/projectfortress}"
}

@misc{python,
  author = {{Python}},
  howpublished = "\url{http://www.python.org}"
}

@inproceedings{odersky-rv10,
  author = {Martin Odersky},
  title = {Contracts for {Scala}},
  booktitle = {Runtime Verification - First Int. Conference, RV'10, 
    St. Julians, Malta, November 1-4, 2010. Proceedings},
  publisher = {Springer},
  series    = {LNCS},
  volume    = {6418},
  isbn      = {978-3-642-16611-2},
  year      = {2010},
  pages     = {51-57}
}

@inproceedings{tracecontract-fm11,
  author = 	 {Howard Barringer and Klaus Havelund},
  title = {{TraceContract}: A {Scala} {DSL} for Trace Analysis},
  booktitle = {17th International Symposium on Formal Methods (FM'11), Limerick, Ireland, June 
               20-24, 2011. Proceedings},
  publisher = {Springer},
  series    = {LNCS},
  volume    = {6664},
  pages = {57-72},
  year      = {2011}
}

@article{asml05,
  author = {Yuri Gurevich and Benjamin Rossman and Wolfram Schulte},
  title = {Semantic essence of {AsmL}},
  journal  = {Theoretical Computer Science},
  volume    = {343},
  number    = {3},
  year      = {2005},
  pages     = {370-412}
}

@book{holzmann-spin-2004,
  author = {Gearard J. Holzmann},
  title = {The Spin Model Checker -- Primer and Reference Manual},
  publisher = {Addison-Wesley},
  year = {2004}
}

@InProceedings{Pnueli77,
  author = 	 {A. Pnueli},
  title = 	 {The temporal logic of programs},
  booktitle = {18th Annual Symposium on Foundations of Computer Science},
  pages = 	 {46-57},
  year = 	 {1977},
  organization = {IEEE Computer Society}
}

@article{havelund-visser02,
  author    = {Klaus Havelund and
               Willem Visser},
  title     = {Program Model Checking as a New Trend},
  journal   = {STTT},
  volume    = {4},
  number    = {1},
  year      = {2002},
  pages     = {8-20}
}

@book{spivey-Z-1988,
 author = {Spivey, J. M.},
 title = {Understanding Z: A Specification Language and Its Formal Semantics},
 year = {1988},
 isbn = {0-521-33429-2},
 publisher = {Cambridge University Press},
 address = {New York, NY, USA},
} 

@inproceedings{ball2010slam2,
  title={SLAM2: Static driver verification with under 4\% false alarms},
  author={Ball, Thomas and Bounimova, Ella and Kumar, Rahul and Levin, Vladimir},
  booktitle={Proceedings of the 2010 Conference on Formal Methods in Computer-Aided Design},
  pages={35--42},
  year={2010},
  organization={FMCAD Inc}
}

@inproceedings{lahiri2012symdiff,
  title={Symdiff: A language-agnostic semantic diff tool for imperative programs},
  author={Lahiri, Shuvendu K and Hawblitzel, Chris and Kawaguchi, Ming and Reb{\^e}lo, Henrique},
  booktitle={Computer Aided Verification},
  pages={712--717},
  year={2012},
  organization={Springer}
}

@inproceedings{godlin2009regression,
  title={Regression verification},
  author={Godlin, Benny and Strichman, Ofer},
  booktitle={Proceedings of the 46th Annual Design Automation Conference},
  pages={466--471},
  year={2009},
  organization={ACM}
}

@inproceedings{jackson1994semantic,
  title={Semantic diff: A tool for summarizing the effects of modifications},
  author={Jackson, Daniel and Ladd, David and others},
  booktitle={Software Maintenance, 1994. Proceedings., International Conference on},
  pages={243--252},
  year={1994},
  organization={IEEE}
}

@inproceedings{person2008differential,
  title={Differential symbolic execution},
  author={Person, Suzette and Dwyer, Matthew B and Elbaum, Sebastian and Pǎsǎreanu, Corina S},
  booktitle={Proceedings of the 16th ACM SIGSOFT International Symposium on Foundations of software engineering},
  pages={226--237},
  year={2008},
  organization={ACM}
}

@incollection{de2008z3,
  title={Z3: An efficient {SMT} solver},
  author={De Moura, Leonardo and Bj{\o}rner, Nikolaj},
  booktitle={Tools and Algorithms for the Construction and Analysis of Systems},
  pages={337--340},
  year={2008},
  publisher={Springer}
}

@inproceedings{havelund-scala-vdm-12,
  author = {Klaus Havelund},
  editor = {Margarita Korovina and Andrei Voronkov},
  title = {Closing the Gap Between Specification and Programming: {VDM$^{++}$} and {Scala}},
  booktitle = {HOWARD-60: Higher-Order Workshop on Automated Runtime Verification and Debugging},
  note = {Manchester, UK.},
  series    = {EasyChair Proceedings},
  volume    = {1},
  year      = {2011},
  month = {December}
}

@ARTICLE{bensalem-havelund-orlandini-vvps-2014,
  author = {Saddek Bensalem and Klaus Havelund and Andrea Orlandini},
  title = {Verification and validation meet planning and scheduling},
  journal = {Software Tools for Technology Transfer (STTT)},
  year = {2014},
  month = {February},
  pages = {1-12},
  volume = {16},
  number = {1},
  publisher = {Springer Berlin / Heidelberg}
}


@article{IsbernerHS14,
  author    = {Malte Isberner and
               Falk Howar and
               Bernhard Steffen},
  title     = {Learning register automata: from languages to program structures},
  journal   = {Machine Learning},
  volume    = {96},
  number    = {1-2},
  year      = {2014},
  pages     = {65-98},
  ee        = {http://dx.doi.org/10.1007/s10994-013-5419-7},
  bibsource = {DBLP, http://dblp.uni-trier.de}
}

@inproceedings{hahnle2012abstract,
  title={The abstract behavioral specification language: a tutorial introduction},
  author={H{\"a}hnle, Reiner},
  booktitle={International Symposium on Formal Methods for Components and Objects},
  pages={1--37},
  year={2012},
  organization={Springer}
}


@inproceedings{hentschel2014interactive,
  title={An interactive verification tool meets an IDE},
  author={Hentschel, Martin and K{\"a}sdorf, Stefan and H{\"a}hnle, Reiner and Bubel, Richard},
  booktitle={International Conference on Integrated Formal Methods},
  pages={55--70},
  year={2014},
  organization={Springer}
}